@comment{x-kbibtex-encoding=utf-8}

@misc{TF,
	note = {https://www.tensorflow.org/},
	title = {TensorFlow - plataforma completa de código aberto para aprendizagem de máquina}
}

@misc{PHPB,
	author = {M, Keenan},
	note = {https://www.thepythonacademy.com/post/predicting-house-prices-using-a-deep-neural-network-case-with-the-boston-dataset},
	title = {Predicting House Prices using a Deep Neural Network: Case with the Boston Dataset}
}

@misc{TRBH,
	author = {Stodolkiewicz, Dawid},
	note = {http://www.stodolkiewicz.com/2020/01/04/tensorflow-2-regression-on-boston-housing-dataset/},
	title = {Tensorflow 2 – Regression on the Boston Housing Dataset. Part 1 – Basics}
}

@misc{KBH,
	author = {Karwacki, Jonasz},
	note = {https://www.kaggle.com/code/escofresco/boston-housing},
	title = {Boston Housing}
}

@misc{TTDL,
	author = {Brownlee, Jason},
	note = {https://machinelearningmastery.com/tensorflow-tutorial-deep-learning-with-tf-keras/},
	title = {TensorFlow 2 Tutorial: Get Started in Deep Learning with tf.keras}
}

@misc{DLB,
	author = {Goodfellow, Bengio and Courville},
	note = {https://www.deeplearningbook.org},
	title = {Deep learning},
	year = {2016}
}

@misc{MCSQ,
	note = {https://www.kaggle.com/datasets/dinirimameev/monthly-car-sales-in-quebec-1960},
	title = {Monthly Car Sales in Quebec 1960}
}

@misc{QNA,
	author = {Quiles, Prof. M. G.},
	title = {Notas de aula CAP 351}
}

@misc{SPFP,
	author = {Brownlee, Jason},
	note = {https://machinelearningmastery.com/seasonal-persistence-forecasting-python},
	title = {Seasonal Persistence Forecasting With Python}
}

@misc{UTSF,
	author = {Kurtiši, Avatar Senad},
	note = {https://github.com/senadkurtisi/Univariate-Time-Series-Forecasting},
	title = {Univariate Time Series Forecasting of Car Sales}
}

@misc{TSDL,
	author = {Hyndman, Rob},
	note = {https://pkg.yangzhuoranyang.com/tsdl/index.html},
	title = {tsdl: Time Series Data Library}
}

@misc{FMSL,
	author = {Karaman, Barış},
	note = {https://towardsdatascience.com/predicting-sales-611cb5a252de},
	title = {Forecasting the monthly sales with LSTM}
}

@misc{TSFL,
	author = {Brownlee, Jason},
	note = {https://machinelearningmastery.com/time-series-forecasting-long-short-term-memory-network-python/},
	title = {Time Series Forecasting with the Long Short-Term Memory Network in Python}
}

@book{goodfellow2016,
	author = {Goodfellow, I. and Bengio, Y. and Courville, A.},
	isbn = {9780262035613},
	lccn = {2016022992},
	publisher = {MIT Press},
	series = {Adaptive Computation and Machine Learning series},
	title = {Deep Learning},
	url = {https://books.google.com.br/books?id=Np9SDQAAQBAJ},
	year = {2016}
}

@book{haykin2009,
	author = {Haykin, S.S.},
	isbn = {9780131471399},
	lccn = {2008034079},
	number = {v. 10},
	publisher = {Prentice Hall},
	series = {Neural networks and learning machines},
	title = {Neural Networks and Learning Machines},
	url = {https://books.google.com.br/books?id=K7P36lKzI\_QC},
	year = {2009}
}

